@article{week1,
  title={Understanding the implementation of software process improvement innovations in software organizations},
  author={Kautz, Karlheinz and Nielsen, Peter Axel},
  journal={Information Systems Journal},
  volume={14},
  number={1},
  pages={3--22},
  year={2004},
  publisher={Wiley Online Library}
}